% ksiazka
@Book{bib:ksiazka,
  Title                    = {Tytu{\l} ksi{\k{a}}{\.{z}}ki},
  Author                   = {Imi{\k{e}} Nazwisko and Imi{\k{e}} Nazwisko},
  Publisher                = {Wydawnictwo},
  Year                     = {2017},
  Address                  = {Warszawa},
  ISBN                     = {83-204-3229-9-434}
}

% artykul w czasopismie
@Article{bib:artykul,
  Title                    = {Tytu{\l} artyku{\l}u w czasopi{\'{s}}mie},
  Author                   = {Nazwisko, Imi{\k{e}} and Imi{\k{e}} Nazwisko},
  Journal                  = {Tytu{\l} czasopisma},
  Year                     = {2016},
  Number                   = {8},
  Pages                    = {1092--1113},
  Volume                   = {157}
}

% artykul konferencyjny
@InProceedings{bib:konferencja,
  Title                    = {Tytu{\l} artyku{\l}u konferencyjnego},
  Author                   = {Imi{\k{e}} Nazwisko and Nazwisko, Imi{\k{e}} and Imi{\k{e}} I. Nazwisko},
  Booktitle                = {Nazwa konferecji},
  Year                     = {2006}, 
  Pages                    = {5346--5349}
}


@article{bib:analizaModeliEksploracji,
  title={Analiza i ocena wybranych modeli eksploracji danych},
  author={Olszak, Celina M and Bartu{\'s}, Kamila},
  journal={Komputerowo Zintegrowane Zarz{\k{a}}dzanie},
  volume={2},
  year={2009}
}

@article{bib:przegladKlasyfikacji,
  title={Przegl{\k{a}}d i klasyfikacja zastosowa{\'n}, metod oraz technik eksploracji danych},
  author={Miro{\'n}czuk, Marcin},
  year={2010},
  publisher={Wydawnictwo Uniwersytetu Kazimierza Wielkiego w Bydgoszczy}
}

@article{bib:wekaTree,
  title={Decision tree analysis on j48 algorithm for data mining},
  author={Bhargava, Neeraj and Sharma, Girja and Bhargava, Ritu and Mathuria, Manish},
  journal={Proceedings of International Journal of Advanced Research in Computer Science and Software Engineering},
  volume={3},
  number={6},
  year={2013}
}

@article{bib:wekaTree2,
  title={Decision tree analysis using weka},
  author={Drazin, Sam and Montag, Matt},
  journal={Machine Learning-Project II, University of Miami},
  pages={1--3},
  year={2012}
}

@article{bib:volleyballStats,
  title={Statistical analyses of volleyball team performance},
  author={Eom, Han Joo and Schutz, Robert W},
  journal={Research quarterly for exercise and sport},
  volume={63},
  number={1},
  pages={11--18},
  year={1992},
  publisher={Taylor \& Francis Group}
}

@inproceedings{bib:sqlLikeLanguage,
  title={SQL-Like Language for Database Mining.},
  author={Morzy, Tadeusz and Zakrzewicz, Maciej},
  booktitle={ADBIS},
  pages={311--317},
  year={1997}
}

@article{bib:dataDiscretization,
  title={Data Discretization Technique Using WEKA Tool},
  author={Rajalakshmi, A and Vinodhini, R and Bibi, K Fathima},
  journal={International Journal of Science, Engineering and Computer Technology},
  volume={6},
  number={8},
  pages={293},
  year={2016},
  publisher={Indian Association of Health, Research and Welfare}
}

@book{bib:wekaSOM,
  title={Machine Learning: End-to-End guide for Java developers: Data Analysis, Machine Learning, and Neural Networks simplified},
  author={Reese, Richard M and Reese, Jennifer L and Kaluza, Bostjan and Kamath, Uday and Choppella, Krishna},
  year={2017},
  publisher={Packt Publishing Ltd}
}

@inproceedings{bib:rulesClassification,
  title={Using classification to evaluate the output of confidence-based association rule mining},
  author={Mutter, Stefan and Hall, Mark and Frank, Eibe},
  booktitle={Australasian Joint Conference on Artificial Intelligence},
  pages={538--549},
  year={2004},
  organization={Springer}
}

@article{bib:pruning,
  title={Practical machine learning tools and techniques},
  author={Witten, Ian H and Frank, Eibe and Hall, Mark A},
  journal={Morgan Kaufmann},
  pages={578},
  year={2005}
}

@book{bib:estimatingError,
  title={C4.5: Programs for Machine Learning},
  author={Quinlan, J Ross},
  year={2014},
  publisher={Elsevier}
}

@book{bib:confidenceFactor,
  title={Economics, Social Sciences and Information Management (ICESSIM 2015), held 28-29 March 2015 in Bali, Indonesia, aimed to provide a platform for the sharing of valuable knowledge and experience in the context of changing economics and social settings.},
  author={Gaol, Ford Lumban and Hutagalung, Fonny},
  year={2015},
  publisher={CRC Press LLC},
  ISBN={978-1-138-02876-0}
}

@inproceedings{bib:errorBasedPruning,
  title={Error-based pruning of decision trees grown on very large data sets can work!},
  author={Hall, Lawrence O and Collins, Richard and Bowyer, Kevin W and Banfield, Robert},
  booktitle={14th IEEE International Conference on Tools with Artificial Intelligence, 2002.(ICTAI 2002). Proceedings.},
  pages={233--238},
  year={2002},
  organization={IEEE}
}

@article{bib:sqlite,
  title={SQLite jako alternatywa dla serwerowych system{\'o}w bazodanowych},
  author={Dziechciarz, Damian},
  journal={Praca magisterska, promotor Robert Szczepanek, Politechnika Krakowska, Instytut In{\.z}ynierii i Gospodarki Wodnej},
  year={2008}
}

@article{bib:inzynier,
  title={Aplikacja mobilna do tworzenia statystyk z meczów siatkówki},
  author={Gepfert, Przemysław},
  journal={Praca dyplomowa inżynierska, promotor dr hab. inż. Krzysztof Simiński, Politechnika Śląska, Wydział Automatyki, Elektroniki i Informatyki},
  year={2019}
}

@article{bib:sqliteEmbedding,
  title={Embedding an SQL database with SQLite},
  author={Owens, Michael},
  journal={Linux Journal},
  volume={2003},
  number={110},
  pages={2},
  year={2003},
  publisher={Belltown Media}
}

@misc{bib:seasonEnd,
  title = {{Koniec sezonów w PlusLidze, Lidze Siatkówki Kobiet i KRISPOL 1. Lidze}},
  howpublished = {\url{https://www.pzps.pl/pl/aktualnosci/217-artykuly/18948-koniec-sezonow-w-pluslidze-lidze-siatkowki-kobiet-i-krispol-1-lidze}},
  note = {Dostęp: 2020-05-31}
}

@article{bib:c45,
  title={C4.5: Programs for Machine Learning},
  author={Quinlan, J. R.},
  year={1993},
  publisher={Morgan Kaufmann Publisers}
}

@inproceedings{bib:apriori,
  title={Fast algorithms for mining association rules},
  author={Agrawal, Rakesh and Srikant, Ramakrishnan and others},
  booktitle={Proc. 20th int. conf. very large data bases, VLDB},
  volume={1215},
  pages={487--499},
  year={1994}
}

@article{bib:clustering,
  title={Cluster Analysis},
  author={Everitt, B. S. and Landau, S. and Leese, M.},
  journal={Arnold, London},
  year={2001}
}

@inproceedings{bib:associationrules,
  title={Mining association rules between sets of items in large databases},
  author={Agrawal, Rakesh and Imieliński, Tomasz and Swami, Arun},
  booktitle={Proceedings of the 1993 ACM SIGMOD international conference on Management of data},
  pages={207--216},
  year={1993}
}

@inproceedings{bib:classification,
  title={Data classification},
  author={Aggarwal, Charu C},
  booktitle={Data Mining},
  pages={285--344},
  year={2015},
  organization={Springer}
}

@book{bib:pattern,
  title={Pattern recognition and machine learning},
  author={Bishop, Christopher M},
  year={2006},
  publisher={Springer}
}

@article{bib:decisionTree,
  title={A survey of decision tree classifier methodology},
  author={Safavian, S Rasoul and Landgrebe, David},
  journal={IEEE transactions on systems, man, and cybernetics},
  volume={21},
  number={3},
  pages={660--674},
  year={1991},
  publisher={IEEE}
}

@article{bib:nullhypothesis,
  title={Bayesian t tests for accepting and rejecting the null hypothesis},
  author={Rouder, Jeffrey N and Speckman, Paul L and Sun, Dongchu and Morey, Richard D and Iverson, Geoffrey},
  journal={Psychonomic bulletin \& review},
  volume={16},
  number={2},
  pages={225--237},
  year={2009},
  publisher={Springer}
}

@article{bib:evaluation,
  title={Evaluation: from precision, recall and F-measure to ROC, informedness, markedness and correlation},
  author={Powers, David Martin},
  year={2011},
  publisher={Bioinfo Publications}
}

@article{bib:crispdm,
  title={The CRISP-DM model: the new blueprint for data mining},
  author={Shearer, Colin},
  journal={Journal of data warehousing},
  volume={5},
  number={4},
  pages={13--22},
  year={2000},
  publisher={THE DATA WAREHOUSE INSTITUTE}
}

@incollection{bib:feature,
  title={Dimension reduction and feature selection},
  author={Chizi, Barak and Maimon, Oded},
  booktitle={Data mining and knowledge discovery handbook},
  pages={83--100},
  year={2009},
  publisher={Springer}
}

@inproceedings{bib:oneversus,
  title={Applying one-vs-one and one-vs-all classifiers in k-nearest neighbour method and support vector machines to an otoneurological multi-class problem.},
  author={Varpa, Kirsi and Joutsijoki, Henry and Iltanen, Kati and Juhola, Martti},
  booktitle={MIE},
  pages={579--583},
  year={2011}
}

@article{bib:szum,
  title={Class noise vs. attribute noise: A quantitative study},
  author={Zhu, Xingquan and Wu, Xindong},
  journal={Artificial intelligence review},
  volume={22},
  number={3},
  pages={177--210},
  year={2004},
  publisher={Springer}
}

@inproceedings{bib:car,
  title={Integrating classification and association rule mining.},
  author={Liu, Bing and Hsu, Wynne and Ma, Yiming and others},
  booktitle={KDD},
  volume={98},
  pages={80--86},
  year={1998}
}

@article{bib:id3,
  title={Induction of decision trees},
  author={Quinlan, J. Ross},
  journal={Machine learning},
  volume={1},
  number={1},
  pages={81--106},
  year={1986},
  publisher={Springer}
}

@article{bib:metody-selekcji,
  title={A survey on feature selection methods},
  author={Chandrashekar, Girish and Sahin, Ferat},
  journal={Computers \& Electrical Engineering},
  volume={40},
  number={1},
  pages={16--28},
  year={2014},
  publisher={Elsevier}
}
